<record xmlns="http://www.loc.gov/MARC21/slim" xmlns:xsi="http://www.w3.org/2001/XMLSchema-instance" xsi:schemaLocation="http://www.loc.gov/MARC21/slim http://www.loc.gov/standards/marcxml/schema/MARC21slim.xsd"><leader>00672cz   2200181n  4500</leader><controlfield tag="001">oca02968773 </controlfield><controlfield tag="005">20000715065901.0</controlfield><controlfield tag="008">910619n| acannaabn          |a aaa      </controlfield><datafield ind1=" " ind2=" " tag="010"><subfield code="a">n  91060779 </subfield></datafield><datafield ind1=" " ind2=" " tag="040"><subfield code="a">DLC</subfield><subfield code="b">eng</subfield><subfield code="c">DLC</subfield><subfield code="d">DLC</subfield><subfield code="d">OCoLC</subfield></datafield><datafield ind1="1" ind2=" " tag="100"><subfield code="a">Calpurnius Siculus, Titus</subfield></datafield><datafield ind1="1" ind2=" " tag="400"><subfield code="a">Siculus, Titus Calpurnius</subfield></datafield><datafield ind1="1" ind2=" " tag="400"><subfield code="a">Calpurnio Siculo, Tito</subfield></datafield><datafield ind1="0" ind2=" " tag="500"><subfield code="a">Pseudo-Calpurnius</subfield></datafield><datafield ind1=" " ind2=" " tag="670"><subfield code="a">His Bucoliques, 1991:</subfield><subfield code="b">t.p. (Calpurnius Siculus ... pseudo-Calpurnius)</subfield></datafield><datafield ind1=" " ind2=" " tag="670"><subfield code="a">Oxford class. dic.</subfield><subfield code="b">(Calpurnius Siculus, Titus, fl. A.D. 50-60)</subfield></datafield><datafield ind1=" " ind2=" " tag="670"><subfield code="a">Encic. ital.</subfield><subfield code="b">(Calpurnio Siculo, Tito (T. Calpurnius Siculus))</subfield></datafield><datafield ind1=" " ind2=" " tag="670"><subfield code="a">LC manual auth. cd.</subfield><subfield code="b">(Calpurnius Siculus, Titus)</subfield></datafield></record>